@report{swissre2017,
  title={Natural catastrophes and man-made disasters in 2016},
  author={{Swiss Re Institute}},
  year={2017},
  institution={Swiss Re},
  number={Sigma No. 2/2017},
  url={https://www.swissre.com/dam/jcr:980b5ffc-79bc-4812-b6d2-c265b0d4bd75/sigma2_2017_en.pdf},
  note={Accessed: October 1, 2024}
}

@report{development2016humanitarian,
  title={Global Humanitarian Assistance Report 2016},
  author={Development Initiatives},
  year={2016},
  institution={Development Initiatives},
  url={https://reliefweb.int/report/world/global-humanitarian-assistance-report-2016},
  note={Accessed: October 1, 2024}
}

@article{michler2022risk,
  title={Risk, crop yields, and weather index insurance in village India},
  author={Michler, Jeffrey D and Viens, Frederi G and Shively, Gerald E},
  journal={Journal of the Agricultural and Applied Economics Association},
  volume={1},
  number={1},
  pages={61--81},
  year={2022},
  publisher={Wiley Online Library}
}

@book{makki2002crop,
  title={Crop insurance: inherent problems and innovative solutions},
  author={Makki, Shiva},
  year={2002},
  publisher={Ames: Iowa State University Press}
}

@article{kajwang2022weather,
  title={Weather based index insurance and its role in agricultural production},
  author={Kajwang, Ben},
  journal={International Journal of Agriculture},
  volume={7},
  number={1},
  pages={13--25},
  year={2022}
}

@article{skees2008challenges,
  title={Challenges for use of index-based weather insurance in lower income countries},
  author={Skees, Jerry R and others},
  journal={Agricultural Finance Review},
  volume={68},
  number={1},
  pages={197},
  year={2008},
  publisher={CORNELL UNIVERSITY}
}

@article{kusuma2018viable,
  title={A viable and cost-effective weather index insurance for rice in Indonesia},
  author={Kusuma, Aditya and Jackson, Bethanna and Noy, Ilan},
  journal={The Geneva Risk and Insurance Review},
  volume={43},
  pages={186--218},
  year={2018},
  publisher={Springer}
}

@article{glauber2004crop,
  title={Crop insurance reconsidered},
  author={Glauber, Joseph W},
  journal={American Journal of Agricultural Economics},
  volume={86},
  number={5},
  pages={1179--1195},
  year={2004},
  publisher={JSTOR}
}

@article{xu2010systemic,
  title={On the systemic nature of weather risk},
  author={Xu, Wei and Filler, Guenther and Odening, Martin and Okhrin, Ostap},
  journal={Agricultural Finance Review},
  volume={70},
  number={2},
  pages={267--284},
  year={2010},
  publisher={Emerald Group Publishing Limited}
}

@article{salgueiro2021diversification,
  title={Is diversification effective in reducing the systemic risk implied by a market for weather index-based insurance in Spain?},
  author={Salgueiro, Andrea Martinez and Tarrazon-Rodon, Maria-Antonia},
  journal={International Journal of Disaster Risk Reduction},
  volume={62},
  pages={102345},
  year={2021},
  publisher={Elsevier}
}